@article {BaginskiMetacyclic,
    AUTHOR = {Bagi\'{n}ski, C.},
     TITLE = {The isomorphism question for modular group algebras of
              metacyclic {$p$}-groups},
   JOURNAL = {Proc. Amer. Math. Soc.},
  FJOURNAL = {Proceedings of the American Mathematical Society},
    VOLUME = {104},
      YEAR = {1988},
    NUMBER = {1},
     PAGES = {39--42}
}

@article {BaginskiCaranti88,
    AUTHOR = {Bagi\'{n}ski, C. and Caranti, A.},
     TITLE = {The modular group algebras of {$p$}-groups of maximal class},
   JOURNAL = {Canad. J. Math.},
  FJOURNAL = {Canadian Journal of Mathematics. Journal Canadien de
              Math\'{e}matiques},
    VOLUME = {40},
      YEAR = {1988},
    NUMBER = {6},
     PAGES = {1422--1435}
}


@article {Baginski92,
    AUTHOR = {Bagi\'{n}ski, C.},
     TITLE = {Modular group algebras of {$2$}-groups of maximal class},
   JOURNAL = {Comm. Algebra},
  FJOURNAL = {Communications in Algebra},
    VOLUME = {20},
      YEAR = {1992},
    NUMBER = {5},
     PAGES = {1229--1241}
}

	

@article {Baginski99,
    AUTHOR = {Bagi\'{n}ski, C.},
     TITLE = {On the isomorphism problem for modular group algebras of
              elementary abelian-by-cyclic {$p$}-groups},
   JOURNAL = {Colloq. Math.},
  FJOURNAL = {Colloquium Mathematicum},
    VOLUME = {82},
      YEAR = {1999},
    NUMBER = {1},
     PAGES = {125--136}
}

@article {BaginskiKonovalov04,
    AUTHOR = {Bagi\'{n}ski, C. and Konovalov, A.},
     TITLE = {On 2-groups of almost maximal class},
   JOURNAL = {Publ. Math. Debrecen},
  FJOURNAL = {Publicationes Mathematicae Debrecen},
    VOLUME = {65},
      YEAR = {2004},
    NUMBER = {1-2},
     PAGES = {97--131}
}
	

@incollection {BaginskiKonovalov07,
    AUTHOR = {Bagi\'{n}ski, C. and Konovalov, A.},
     TITLE = {The modular isomorphism problem for finite {$p$}-groups with a
              cyclic subgroup of index {$p^2$}},
 BOOKTITLE = {Groups {S}t. {A}ndrews 2005. {V}ol. 1},
    SERIES = {London Math. Soc. Lecture Note Ser.},
    VOLUME = {339},
     PAGES = {186--193},
 PUBLISHER = {Cambridge Univ. Press, Cambridge},
      YEAR = {2007}
}

@article {BaginskiKurdics,
    AUTHOR = {Bagi\'{n}ski, C. and Kurdics, J.},
     TITLE = {The modular group algebras of {$p$}-groups of maximal class
              {II}},
   JOURNAL = {Comm. Algebra},
  FJOURNAL = {Communications in Algebra},
    VOLUME = {47},
      YEAR = {2019},
    NUMBER = {2},
     PAGES = {761--771}
}

@incollection {BleherKimmerleRoggenkampWursthorn99,
    AUTHOR = {Bleher, F. M. and Kimmerle, W. and Roggenkamp, K.
              W. and Wursthorn, M.},
     TITLE = {Computational aspects of the isomorphism problem},
 BOOKTITLE = {Algorithmic algebra and number theory ({H}eidelberg, 1997)},
     PAGES = {313--329},
 PUBLISHER = {Springer, Berlin},
      YEAR = {1999}
}

@incollection {Drensky89,
    AUTHOR = {Drensky, V.},
     TITLE = {The isomorphism problem for modular group algebras of groups
              with large centres},
 BOOKTITLE = {Representation theory, group rings, and coding theory},
    SERIES = {Contemp. Math.},
    VOLUME = {93},
     PAGES = {145--153},
 PUBLISHER = {Amer. Math. Soc., Providence, RI},
      YEAR = {1989}
}

@article {Eick08,
    AUTHOR = {Eick, B.},
     TITLE = {Computing automorphism groups and testing isomorphisms for
              modular group algebras},
   JOURNAL = {J. Algebra},
  FJOURNAL = {Journal of Algebra},
    VOLUME = {320},
      YEAR = {2008},
    NUMBER = {11},
     PAGES = {3895--3910}
}

@incollection {EickKonovalov11,
    AUTHOR = {Eick, B. and Konovalov, A.},
     TITLE = {The modular isomorphism problem for the groups of order 512},
 BOOKTITLE = {Groups {S}t {A}ndrews 2009 in {B}ath. {V}olume 2},
    SERIES = {London Math. Soc. Lecture Note Ser.},
    VOLUME = {388},
     PAGES = {375--383},
 PUBLISHER = {Cambridge Univ. Press, Cambridge},
      YEAR = {2011}
}

@article {Eick11,
    AUTHOR = {Eick, Bettina},
     TITLE = {Computing nilpotent quotients of associative algebras and
              algebras satisfying a polynomial identity},
   JOURNAL = {Internat. J. Algebra Comput.},
  FJOURNAL = {International Journal of Algebra and Computation},
    VOLUME = {21},
      YEAR = {2011},
    NUMBER = {8},
     PAGES = {1339--1355}
}

@article {GarciaLucasMargolisDelRio22,
    AUTHOR = {Garc\'{\i}a-Lucas, D. and Margolis, L. and del R\'{\i}o, \'{A}.},
     TITLE = {Non-isomorphic 2-groups with isomorphic modular group
              algebras},
   JOURNAL = {J. Reine Angew. Math.},
  FJOURNAL = {Journal f\"{u}r die Reine und Angewandte Mathematik. [Crelle's
              Journal]},
    VOLUME = {783},
      YEAR = {2022},
     PAGES = {269--274}
}

@article {GarciLucasDelRio24,
    AUTHOR = {Garc\'{\i}a-Lucas, Diego and del R\'{\i}o, \'{A}ngel},
     TITLE = {A reduction theorem for the isomorphism problem of group
              algebras over fields},
   JOURNAL = {J. Pure Appl. Algebra},
  FJOURNAL = {Journal of Pure and Applied Algebra},
    VOLUME = {228},
      YEAR = {2024},
    NUMBER = {4},
     PAGES = {Paper No. 107511, 6}
}

@article {GarciLucas24,
    AUTHOR = {Garc\'{\i}a-Lucas, Diego},
     TITLE = {The modular isomorphism problem and abelian direct factors},
   JOURNAL = {Mediterr. J. Math.},
  FJOURNAL = {Mediterranian Journal of Mathematics},
    VOLUME = {21},
      YEAR = {2024},
     PAGES = {Article No. 18}
}

@article {GarciLucasMargolis24,
    AUTHOR = {Garc\'{\i}a-Lucas, Diego and Margolis, Leo},
     TITLE = {On the modular isomorphism problem for groups of nilpotency class 2 with cyclic center},
   JOURNAL = {Forum Math.},
  FJOURNAL = {Forum Mathematicum},
      YEAR = {2024},
     PAGES = {to appear}
}

@article {GarciaLucasDelRioStanojkovski23,
    AUTHOR = {Garc\'{\i}a-Lucas, Diego and del R\'{\i}o, \'{A}ngel and Stanojkovski, Mima},
     TITLE = {On {G}roup {I}nvariants {D}etermined by {M}odular {G}roup
              {A}lgebras: {E}ven {V}ersus {O}dd {C}haracteristic},
   JOURNAL = {Algebr. Represent. Theory},
  FJOURNAL = {Algebras and Representation Theory},
    VOLUME = {26},
      YEAR = {2023},
    NUMBER = {6},
     PAGES = {2683--2707}
}     

@article {GarciaLucasDelRio23,
    AUTHOR = {Garc\'{\i}a-Lucas, Diego and del R\'{\i}o, \'{A}ngel},
     TITLE = {On the modular isomorphism problem for 2-generated groups with cyclic
  derived subgroup},
  JOURNAL = {arXiv:2310.02627},
      YEAR = {2023}
}     

@incollection {HertweckSoriano06,
    AUTHOR = {Hertweck, M. and Soriano, M.},
     TITLE = {On the modular isomorphism problem: groups of order {$2^6$}},
 BOOKTITLE = {Groups, rings and algebras},
    SERIES = {Contemp. Math.},
    VOLUME = {420},
     PAGES = {177--213},
 PUBLISHER = {Amer. Math. Soc., Providence, RI},
      YEAR = {2006}
}

@article {Hertweck07,
    AUTHOR = {Hertweck, M.},
     TITLE = {A note on the modular group algebras of odd {$p$}-groups of
              {$M$}-length three},
   JOURNAL = {Publ. Math. Debrecen},
  FJOURNAL = {Publicationes Mathematicae Debrecen},
    VOLUME = {71},
      YEAR = {2007},
    NUMBER = {1-2},
     PAGES = {83--93}
}

@article {Jennings41,
    AUTHOR = {Jennings, S. A.},
     TITLE = {The structure of the group ring of a {$p$}-group over a
              modular field},
   JOURNAL = {Trans. Amer. Math. Soc.},
  FJOURNAL = {Transactions of the American Mathematical Society},
    VOLUME = {50},
      YEAR = {1941},
     PAGES = {175--185}
}

@article {MargolisSakuraiStanojkovski23,
    AUTHOR = {Margolis, Leo and Sakurai, Taro and Stanojkovski, Mima},
     TITLE = {Abelian invariants and a reduction theorem for the modular
              isomorphism problem},
   JOURNAL = {J. Algebra},
  FJOURNAL = {Journal of Algebra},
    VOLUME = {636},
      YEAR = {2023},
     PAGES = {1--27}
}

@article {MargolisStanojkovski21,
    AUTHOR = {Margolis, L. and Stanojkovski, M.},
     TITLE = {On the modular isomorphism problem for groups of class 3 and
              obelisks},
   JOURNAL = {J. Group Theory},
  FJOURNAL = {Journal of Group Theory},
    VOLUME = {25},
      YEAR = {2022},
    NUMBER = {1},
     PAGES = {163--206}
}

@article {MargolisMoede22,
    AUTHOR = {Margolis, L. and Stanojkovski, M.},
     TITLE = {The Modular Isomorphism Problem for small groups -- revisiting
  {E}ick's algorithm},
   JOURNAL = {J. Comp. Alg.},
  FJOURNAL = {Journal of Computational Algebra},
    VOLUME = {1-2},
      YEAR = {2022},
     PAGES = {100001}
}

@article {PassiSehgal72,
    AUTHOR = {Passi, I. B. S. and Sehgal, S. K.},
     TITLE = {Isomorphism of modular group algebras},
   JOURNAL = {Math. Z.},
  FJOURNAL = {Mathematische Zeitschrift},
    VOLUME = {129},
      YEAR = {1972},
     PAGES = {65--73}
}

@article {RitterSehgal83,
    AUTHOR = {Ritter, J. and Sehgal, S. K.},
     TITLE = {Isomorphism of group rings},
   JOURNAL = {Arch. Math. (Basel)},
  FJOURNAL = {Archiv der Mathematik},
    VOLUME = {40},
      YEAR = {1983},
    NUMBER = {1},
     PAGES = {32--39}
}

@article {RoggenkampScott93,
    AUTHOR = {Roggenkamp, K. W. and Scott, L. L.},
     TITLE = {Automorphisms and nonabelian cohomology: an algorithm},
     NOTE = {Computational linear algebra in algebraic and related problems
              (Essen, 1992)},
   JOURNAL = {Linear Algebra Appl.},
  FJOURNAL = {Linear Algebra and its Applications},
    VOLUME = {192},
      YEAR = {1993},
     PAGES = {355--382}
}

@incollection {SandlingSurvey,
      AUTHOR = {Sandling, R.},
       TITLE = {The isomorphism problem for group rings: a survey},
   BOOKTITLE = {Orders and their applications ({O}berwolfach, 1984)},
       PAGES = {256--288},
   PUBLISHER = {Springer, Berlin},
        YEAR = {1985}
}

@article {Sandling89,
    AUTHOR = {Sandling, R.},
     TITLE = {The modular group algebra of a central-elementary-by-abelian
              {$p$}-group},
   JOURNAL = {Arch. Math. (Basel)},
  FJOURNAL = {Archiv der Mathematik},
    VOLUME = {52},
      YEAR = {1989},
    NUMBER = {1},
     PAGES = {22--27}
}

@article {Wursthorn93,
	AUTHOR = {Wursthorn, M.},
	TITLE = {Isomorphisms of modular group algebras: an algorithm and its
	application to groups of order {$2^6$}},
	JOURNAL = {J. Symbolic Comput.},
	FJOURNAL = {Journal of Symbolic Computation},
	VOLUME = {15},
	YEAR = {1993},
	NUMBER = {2},
	PAGES = {211--227}
}

